
@misc{GraphTheory,
	title = {Introduction to Graph Theory (Second Edition)},
	author = {Douglas B. West},
	year = 2007,
}

@misc{ClassNotes686,
	title = {Advanced Algorthim Design Class Notes: Algorithm Design},
	author = {Lamont, Gary}
}

@online{WikiDijksrta,
	title = {Dijkstra's Algorithm},
	url = {https://en.wikipedia.org/wiki/Dijkstra%27s_algorithm},
	urldate = {2016-04-07}


}

@online{WikiBinaryHeap,
	title = {Binary Heap},
	url = {https://en.wikipedia.org/wiki/Binary_heap},
	urldate = {2016-04-07}
}

@online{Julia,
	title = {The Julia Technical Computing Language},
	url = {http://julialang.org/},
	urldate = {2016-04-09}
}

@online{WikiDFS,
	title = {Depth-First Search},
	url = {https://en.wikipedia.org/wiki/Depth-first-search},
	urldate = {2016-04-07}
}

@book{AlgorithmsBook,
author = {Cormen and Leiserson and Rivest and Stein},
title = {Introduction to Algorithms, 3rd Edition},
year = 2009,
}



@article{reporting_heuristics,
	title = {Designing and Reporting on Computational Experiments with Heuristic Methods},
	author = {Richard S. Barr and Bruce L. Goldeny and James P. Kellyz and Mauricio G.C. Resendex and William R. Stewart},
	url = {http://faculty.smu.edu/barr/pubs/johreport.pdf},
	urldate = {2016-04-10}
}

@article{fib_heaps_improved_optimizations,
	title = {Fibonacci heaps and their uses in improved network optimization algorithms},
	author = {Michael Lawrence Fredman and Robert E. Tarjan},
	journal = {Journal of the Association for Computing Machinery 34 (3)}
}





@article{algorithms_for_knapsack_problem,
	title = {Algorithms for Knapsack Problem},
	author = {David Pisinger},
	url = {http://www.diku.dk/users/pisinger/95-1.pdf},
	urldate = {2016-04-10}
}

@article{small_difficult_knapsack,
	title = {Where are the hard knapsack problems?},
	author = {David Pisinger},
	journal = {Elsevier - Computers and Operations Research}
}




@online{hard_sat_zero_one_problems,
	title = {Zero-One Designs Produce Small Hard SAT Instances},
	author = {Allen Van Gelder and Ivor Spence},
	url = {https://users.soe.ucsc.edu/~avg/Papers/sgen2-sat10.pdf},
	urldate = {2016-04-09}
}

@online{hard_sat_generator,
	title = {sgen: A generator for small but difficult satisfiability instances},
	author = {Ivor Spence}
	url = {http://www.satcompetition.org/2007/sgendescr.pdf},
	urldate = {2016-04-09}
}

@online{tough_sat_generator,
	title = {Tough SAT Project},
	author = {Henry Yuen and Joseph Bebel}
	url = {https://toughsat.appspot.com/},
	urldate = {2016-04-09}
}

@online{hard_sat_graph,
	title = {Using Graph-Based Representation to Derive Hard SAT instances},
	author = {Gilles Audemard and Said Jabbour and Lakhdar Sais}
	url = {http://pst.istc.cnr.it/RCRA07/articoli/P01-audemard-etal-RCRA07.pdf},
	urldate = {2016-04-09}
}






@online{hard_sat_evolving_problem,
	title = {Zero-One Designs Produce Small Hard SAT Instances},
	author = {Jano I. van Hemert}
	url ={http://vanhemert.co.uk/publications/EC-Evolving_combinatorial_problem_instances_that_are_difficult_to_solve.pdf},
	urldate = {2016-04-09}
}



@book{graph_algorithms_cristofides,
	title = {Graph Algorithms},
	author = {Cristofides}
}


@misc{fletcher_hw3,
	title={"CSCE 686 - Homework 3"},
	author ={Justin Fletcher}
}
@misc{hw5_knapp_fletcher_csce_686,
	title={"CSCE 686 - Homework 5"},
	author ={Justin Fletcher and Jon Knapp}
}

@online{Suhendry,
	title = {2-approximation for Minimum Vertex Cover Problem},
	url = {http://www.suhendry.net/blog/?p=1647},
	urldate = {2016-04-18}
}

@online{Dartmouth,
	title = {CS105 Notes, Dartmouth},
	url = {http://www.suhendry.net/blog/?p=1647},
	urldate = {2016-04-18}
}

@online{Lecture21,
	title = {Lecture21, Carnegie Mellon University, School of Computer Science},
	url = {http://www.cs.cmu.edu/~avrim/451f12/lectures/lect1106.pdf},
	urldate = {2016-04-18}
}

@misc{MCT1,
	title = {Applying Monte Carlo Techniques to the Capacitated Vehicle Routing Problem},
	author = {Frank W. Takes},
	author = {Walter A Kosters},
	year = 2010,
}

