@online{Suhendry,
	title = {2-approximation for Minimum Vertex Cover Problem},
	url = {http://www.suhendry.net/blog/?p=1647},
	urldate = {2016-04-18}
}

@online{Dartmouth,
	title = {CS105 Notes, Dartmouth},
	url = {http://www.suhendry.net/blog/?p=1647},
	urldate = {2016-04-18}
}

@online{Lecture21,
	title = {Lecture21, Carnegie Mellon University, School of Computer Science},
	url = {http://www.cs.cmu.edu/~avrim/451f12/lectures/lect1106.pdf},
	urldate = {2016-04-18}
}

@misc{MCT1,
	title = {Applying Monte Carlo Techniques to the Capacitated Vehicle Routing Problem},
	author = {Frank W. Takes},
	author = {Walter A Kosters},
	year = 2010,
}
